<?xml version="1.0" encoding="UTF-8"?><collection><record><leader>05497ntm a2200541 a 4500</leader><controlfield tag="001">006795268</controlfield><controlfield tag="003">MiAaHDL</controlfield><controlfield tag="005">20190719000000.0</controlfield><controlfield tag="006">m        d        </controlfield><controlfield tag="007">cr bn ---auaua</controlfield><controlfield tag="008">090520s14uu    xx            00| ||ara d</controlfield><datafield tag="035" ind1=" " ind2=" "><subfield code="a">(MiU)006795268</subfield></datafield><datafield tag="035" ind1=" " ind2=" "><subfield code="a">sdr-miu006795268</subfield></datafield><datafield tag="040" ind1=" " ind2=" "><subfield code="a">MiU</subfield><subfield code="c">MiU</subfield><subfield code="e">amremm</subfield></datafield><datafield tag="043" ind1=" " ind2=" "><subfield code="a">n-us-mi</subfield></datafield><datafield tag="100" ind1="0" ind2=" "><subfield code="6">880-01</subfield><subfield code="a">Aḥmad ibn al-Maghribī.</subfield></datafield><datafield tag="245" ind1="1" ind2="0"><subfield code="6">880-03</subfield><subfield code="a">[Kitāb fīhi mawlid al-Nabī ṣallá Allāh ʻalayhi wa-sallam wa-wafātuh,</subfield><subfield code="f">15th century?].</subfield></datafield><datafield tag="260" ind1=" " ind2=" "><subfield code="c">[14--?].</subfield></datafield><datafield tag="300" ind1=" " ind2=" "><subfield code="a">24 leaves :</subfield><subfield code="b">paper ;</subfield><subfield code="c">177 x 132 (137 x 95) mm.</subfield></datafield><datafield tag="500" ind1=" " ind2=" "><subfield code="a">Shelfmark: Ann Arbor, University of Michigan, Special Collections Library, Isl. Ms. 212</subfield></datafield><datafield tag="500" ind1=" " ind2=" "><subfield code="a">Origin: As appears at close on p.37, composed and or copied by Aḥmad ibn al-Maghribī. Date of transcription not indicated. Paper suggests 15th or 16th century.</subfield></datafield><datafield tag="500" ind1=" " ind2=" "><subfield code="a">Former shelfmark: "238 T...[?]" inscribed in pencil on verso of front flyleaf ; "136" inscribed in pencil on 'title page' (p.9).</subfield></datafield><datafield tag="500" ind1=" " ind2=" "><subfield code="a">Binding: Pasteboards covered in textured paper (painted in shades of gold, red, orange, green, etc.) with red leather over spine and edges/turn-ins ; Type III binding (without flap) ; pastedowns and flyleaves (made endpapers) in shell marbled paper (blue and brown) ; upper and lower covers bear gold-painted border ; sewn in red thread, two stations ; worked chevron endbands in light green and yellow, intact ; overall in fair condition with some abrasion, staining, etc.</subfield></datafield><datafield tag="500" ind1=" " ind2=" "><subfield code="a">Support: non-European (likely Arab) laid paper with chain lines grouped in threes, 9-11 mm. between the chains and 39-42 mm. between the groups, heavy and thick ; added leaves in European laid paper with 10-11 laid lines per cm., chain lines spaced 27 mm. apart, and watermarks including spread eagle with 'T S C' below, coat of arms with lion rampant guardant and crown above.</subfield></datafield><datafield tag="500" ind1=" " ind2=" "><subfield code="a">Decoration: Simple titlepiece on p.9 consisting of rectangular panel ruled in red carrying title, etc. in red and black ; headings and keywords rubricated ; textual dividers in the form of inverted commas (often three) or discs in red ; written area of incipit and facing page, as well as explicit and facing page, surrounded by red-rule border.</subfield></datafield><datafield tag="500" ind1=" " ind2=" "><subfield code="a">Script: Naskh ; clear Egyptian or Syrian [?] hand ; virtually serifless, with many open counters, pointing in distinct dots, sweeping descenders, tapered rightward descenders, yāʼ of fī often mardūdah, kāf mashkūlah (mashqūqah) preferred with even final kāf bearing shaqq, alif maqṣūrah pointed as yāʼ, etc. ; fully vocalized.</subfield></datafield><datafield tag="500" ind1=" " ind2=" "><subfield code="a">Layout: Written in 17 lines per page (written area occasionally divided to two columns to set off poetry) ; frame-ruled.</subfield></datafield><datafield tag="500" ind1=" " ind2=" "><subfield code="a">Collation: i, 2 I(4), V (14), III (20), 2 I(24), i ; several blank added leaves preceding and following text ; pagination in pencil, Western numerals, supplied during digitization (includes added leaves).</subfield></datafield><datafield tag="500" ind1=" " ind2=" "><subfield code="a">Colophon: "وهذا ما انتهى الينا من وفات رسول الله صلى الله عليه وسلم وشرف وكرم وزاده شرفا وكرما وتعظيما اللهم اغفر لمالك هذا الكتاب وكاتبه وقارئه وسامعه ومن كتب من اجله ولوالديهم وامواتهم واموات المسلمين اجمعين اللهم صلى على محمد واله وصحبه اجمعين والحمد لله رب العالمين خدمة العبد الفقير الى الله تعالى احمد بن المغربي"</subfield></datafield><datafield tag="500" ind1=" " ind2=" "><subfield code="a">Explicit: "وكانت اول من لحق بالنبي صلى الله عليه وسلم من اهل بيته رضي الله عنها"</subfield></datafield><datafield tag="500" ind1=" " ind2=" "><subfield code="a">Incipit: "الحمد لله المعروف بالكرم قبل وجود الوجود الموصوف بالكرم والفضل والجود والمنزه في وحدانيته عن الابناء والاباء والجدود ..."</subfield></datafield><datafield tag="500" ind1=" " ind2=" "><subfield code="a">Title from titlepiece on p.9.</subfield></datafield><datafield tag="500" ind1=" " ind2=" "><subfield code="a">Ms. codex.</subfield></datafield><datafield tag="520" ind1="8" ind2=" "><subfield code="a">Fine copy of a work on the birth and death of the Prophet, perhaps compiled by Aḥmad ibn al-Maghribī. Added title on 'title page' would indicate this once accompanied another work.</subfield></datafield><datafield tag="538" ind1=" " ind2=" "><subfield code="a">Mode of access: Internet.</subfield></datafield><datafield tag="541" ind1=" " ind2=" "><subfield code="c">Purchase ;</subfield><subfield code="a">Acquired by purchase (funds donated by Horace Rackham).</subfield><subfield code="d">1924.</subfield></datafield><datafield tag="546" ind1=" " ind2=" "><subfield code="a">Arabic.</subfield></datafield><datafield tag="561" ind1=" " ind2=" "><subfield code="a">Ownership statement on 'title page' (p.9) in name of Aḥmad al-Makmūnī [?], reads "من عواري الدهر لدى الفقير احمد المكموني [؟] غفر الله له ولمن احسن اليه" ; inscriptions in pencil, "238 T...[?]" on verso of front flyleaf and "136" on 'title page' (p.9) ; occasional marginal corrections.</subfield></datafield><datafield tag="600" ind1="0" ind2="0"><subfield code="a">Muḥammad,</subfield><subfield code="c">Prophet,</subfield><subfield code="d">-632</subfield><subfield code="v">Poetry</subfield><subfield code="v">Early works to 1800.</subfield></datafield><datafield tag="600" ind1="0" ind2="0"><subfield code="a">Muḥammad,</subfield><subfield code="c">Prophet,</subfield><subfield code="d">-632</subfield><subfield code="v">Biography</subfield><subfield code="v">Early works to 1800.</subfield></datafield><datafield tag="650" ind1=" " ind2="0"><subfield code="a">Manuscripts, Arabic</subfield><subfield code="z">Michigan</subfield><subfield code="z">Ann Arbor.</subfield></datafield><datafield tag="650" ind1=" " ind2="0"><subfield code="a">Hadith</subfield><subfield code="v">Early works to 1800.</subfield></datafield><datafield tag="700" ind1="0" ind2=" "><subfield code="a">Abdülhamid</subfield><subfield code="b">II,</subfield><subfield code="c">Sultan of the Turks,</subfield><subfield code="d">1842-1918,</subfield><subfield code="e">former owner.</subfield></datafield><datafield tag="700" ind1="0" ind2=" "><subfield code="6">880-05</subfield><subfield code="a">Aḥmad al-Makmūnī,</subfield><subfield code="e">former owner.</subfield></datafield><datafield tag="773" ind1="0" ind2=" "><subfield code="a">Abdul Hamid Collection.</subfield></datafield><datafield tag="880" ind1="0" ind2=" "><subfield code="6">700-05/</subfield><subfield code="a">احمد المكموني،</subfield><subfield code="e">مالك سابق.</subfield></datafield><datafield tag="880" ind1="1" ind2="0"><subfield code="6">245-03/</subfield><subfield code="a">[كتاب فيه مولد النبي صلى الله عليه وسلم ووفاته,</subfield><subfield code="f">القرن 15م؟].</subfield></datafield><datafield tag="880" ind1="0" ind2=" "><subfield code="6">100-01/</subfield><subfield code="a">احمد بن المغربي.</subfield></datafield><datafield tag="CID" ind1=" " ind2=" "><subfield code="a">006795268</subfield></datafield><datafield tag="DAT" ind1="0" ind2=" "><subfield code="a">20190719102636.0</subfield><subfield code="b">20190719000000.0</subfield></datafield><datafield tag="DAT" ind1="1" ind2=" "><subfield code="a">20190719090653.0</subfield><subfield code="b">2019-07-19T16:11:03Z</subfield></datafield><datafield tag="DAT" ind1="2" ind2=" "><subfield code="a">2015-10-02T18:00:03Z</subfield></datafield><datafield tag="CAT" ind1=" " ind2=" "><subfield code="a">SDR-MIU</subfield><subfield code="d">EX LIBRIS - ALEPH</subfield><subfield code="l">prepare.pl-004-008</subfield></datafield><datafield tag="FMT" ind1=" " ind2=" "><subfield code="a">BK</subfield></datafield><datafield tag="HOL" ind1=" " ind2=" "><subfield code="0">sdr-miu006795268</subfield><subfield code="a">MiU</subfield><subfield code="b">SDR</subfield><subfield code="c">MIU</subfield><subfield code="p">mdp.39015079126283</subfield><subfield code="s">MIU</subfield><subfield code="1">006795268</subfield></datafield><datafield tag="974" ind1=" " ind2=" "><subfield code="b">MIU</subfield><subfield code="c">MIU</subfield><subfield code="d">20190719</subfield><subfield code="s">lit-dlps-dc</subfield><subfield code="u">mdp.39015079126283</subfield><subfield code="y">1499</subfield><subfield code="r">pd</subfield><subfield code="q">bib</subfield><subfield code="t">non-US bib date1 &lt; 1879</subfield></datafield></record></collection>